@manual{sigsysex,
	author = {Frank Schultz},
	title = {{Continous- and Descrete-Time Signals and Systems - A Tutorial Featuring Computational Examples}},
	organization = {University of Rostock},
	url = {https://github.com/spatialaudio/signals-and-systems-exercises},
	urldate = {2022-05-06}}

@book{Bronstein,
	author = {I.N. Bronshtein AND K.A. Semendyayev AND G. Musiol AND H. MÃ¼hlig},
	title = {Handbook of Mathematics},
	edition = {6},
	publisher = {Springer Berlin, Heidelberg},
	doi = {10.1007/978-3-662-46221-8},
	year = {2015}}
